@article{hoff1,
    author =       "Thomas Hoffman",
    title =        "Probabilistic Latent Semantic Analysis",
    journal =      "Proceedings of the
    fifteenth conference on
    uncertainty in
    artificial intelligence,",
    pages =        "289--296",
    year =         "1999",
    keywords =     "PLSA"
}
 
@book{hoff2,
    title={Unsupervised Learning by Probabilistic Latent Semantic Analysis},
    author={Thomas Hoffman},
    series={Machine Learning},
    volume={42},
    year={2001},
    keywords = {EM}
}
 
@online{dataera,
    title = {Notes on EM and PLSA},
    url={http://dataera.org/2014/04/notes-on-em-and-plsa/}",
    keywords  = {EM,PLSA}
}

@online{pytho,
	title = {Python},
	url = {https://www.python.org}
	keywords = {python,documentation}
}

@inbook{knuth-fa,
    author = "Donald E. Knuth",
    title = "Fundamental Algorithms",
    publisher = "Addison-Wesley",
    year = "1973",
    chapter = "1.2",
    keywords  = "knuth,programming"
}